<record><leader>00000cas a22000007a 4500</leader><controlfield tag="001">10954516</controlfield><controlfield tag="008">840716d18681914iauir ne      0    0eng d</controlfield><datafield ind1=" " ind2=" " tag="010"><subfield code="a">sn 84027197 </subfield></datafield><datafield ind1=" " ind2=" " tag="040"><subfield code="a">NPU</subfield><subfield code="b">eng</subfield><subfield code="c">NPU</subfield><subfield code="d">NPX</subfield><subfield code="d">INP</subfield><subfield code="d">MGN</subfield><subfield code="d">OCLCQ</subfield></datafield><datafield ind1=" " ind2=" " tag="042"><subfield code="a">msc</subfield></datafield><datafield ind1="0" ind2=" " tag="130"><subfield code="a">Jackson sentinel (Maquoketa, Iowa : 1868)</subfield></datafield><datafield ind1="1" ind2="0" tag="245"><subfield code="a">Jackson sentinel.</subfield></datafield><datafield ind1=" " ind2=" " tag="260"><subfield code="a">Maquoketa, Iowa :</subfield><subfield code="b">Swigart &amp; Sargent,</subfield><subfield code="c">-1914.</subfield></datafield><datafield ind1=" " ind2=" " tag="300"><subfield code="a">v. :</subfield><subfield code="b">ill. ;</subfield><subfield code="c">56 cm.</subfield></datafield><datafield ind1=" " ind2=" " tag="310"><subfield code="a">Three times a week,</subfield><subfield code="b">Aug. 27-Sept. 2, 1914</subfield></datafield><datafield ind1=" " ind2=" " tag="321"><subfield code="a">Weekly,</subfield><subfield code="b">&lt;Feb. 6, 1873&gt;-Aug. 20, 1914</subfield></datafield><datafield ind1="1" ind2=" " tag="362"><subfield code="a">Began in Sept. 1868?</subfield></datafield><datafield ind1="0" ind2=" " tag="362"><subfield code="a">-61st year, no. 26 (Sept. 2, 1914).</subfield></datafield><datafield ind1=" " ind2=" " tag="500"><subfield code="a">Publisher varies.</subfield></datafield><datafield ind1=" " ind2=" " tag="500"><subfield code="a">Includes separately numbered weekly section called: Monmouth-Baldwin news, &lt;Mar. 9-Dec. 1904&gt;; weekly sections called: The Delmar enterprise, and: Monmouth-Baldwin news, Andrew department, &lt;1913-June 18, 1914&gt;.</subfield></datafield><datafield ind1=" " ind2=" " tag="500"><subfield code="a">Democratic, &lt;1876&gt;.</subfield></datafield><datafield ind1=" " ind2=" " tag="588"><subfield code="a">Description based on: New ser. v. 5, no. 42 (Feb. 6, 1873).</subfield></datafield><datafield ind1=" " ind2=" " tag="752"><subfield code="a">United States</subfield><subfield code="b">Iowa</subfield><subfield code="c">Jackson</subfield><subfield code="d">Maquoketa.</subfield></datafield><datafield ind1=" " ind2=" " tag="752"><subfield code="a">United States</subfield><subfield code="b">Iowa</subfield><subfield code="c">Jackson</subfield><subfield code="d">Monmouth.</subfield></datafield><datafield ind1=" " ind2=" " tag="752"><subfield code="a">United States</subfield><subfield code="b">Iowa</subfield><subfield code="c">Jackson</subfield><subfield code="d">Baldwin.</subfield></datafield><datafield ind1=" " ind2=" " tag="752"><subfield code="a">United States</subfield><subfield code="b">Iowa</subfield><subfield code="c">Jackson</subfield><subfield code="d">Andrew.</subfield></datafield><datafield ind1=" " ind2=" " tag="752"><subfield code="a">United States</subfield><subfield code="b">Iowa</subfield><subfield code="c">Clinton</subfield><subfield code="d">Delmar.</subfield></datafield><datafield ind1="0" ind2="0" tag="780"><subfield code="t">Maquoketa weekly sentinel</subfield><subfield code="w">(DLC)sn 87057266</subfield></datafield><datafield ind1="0" ind2="0" tag="785"><subfield code="t">Jackson tri-weekly sentinel</subfield><subfield code="w">(DLC)sn 90055010</subfield></datafield><datafield ind1="1" ind2=" " tag="787"><subfield code="t">Monmouth-Baldwin news</subfield></datafield><datafield ind1="1" ind2=" " tag="787"><subfield code="t">Delmar enterprise</subfield></datafield><datafield ind1="1" ind2=" " tag="787"><subfield code="t">Monmouth-Baldwin news, Andrew department</subfield></datafield></record>